@article{test,
    author = "Albert Einstein",
    title = "{Zur Elektrodynamik bewegter K{\"o}rper}. ({German})
    [{On} the electrodynamics of moving bodies]",
    journal = "Annalen der Physik",
    volume = "322",
    number = "10",
    pages = "891--921",
    year = "1905",
    DOI = "http://dx.doi.org/10.1002/andp.19053221004",
    keywords = "physics"
}

@misc{wiki:Mirai,
   author = "Wikipedia",
   title = "{Mirai (malware)} --- {W}ikipedia{,} The Free Encyclopedia",
   year = "2020",
   howpublished = {\url{http://en.wikipedia.org/w/index.php?title=Mirai\%20(malware)}},
   note = ""
}
 
@misc{wiki:Twisted,
   author = "Wikipedia",
   title = "{Twisted (software)} --- {W}ikipedia{,} The Free Encyclopedia",
   year = "2020",
   howpublished = {\url{http://en.wikipedia.org/w/index.php?title=Twisted\%20(software)}},
   note = ""
}

@misc{oasis:publish,
   author = "OASIS Open",
   title = "{OASIS Open}",
   year = "2020",
   howpublished = {\url{http://docs.oasis-open.org/mqtt/mqtt/v3.1.1/os/mqtt-v3.1.1-os.html#_Table_3.3_-}},
   note = ""
}
